@book{SmithMissen83,
    author    = "William R. Smith and Ronald W. Missen",
    title     = "Chemical reaction equilibrium analysis: Theory and algorithms",
    year      = "1983",
    publisher = "John Wiley",
}

@book{Petrucci:07,
    author    = "Ralph H. Petrucci",
    title     = "General Chemistry: Principles \& Modern Applications",
    year      = "2007",
    publisher = "New Jersey : Prentice-Hall",
}

@book{Kehew,
    author    = "Allan Kehew",
    title     = "Applied Chemical Hydrogeology",
    year      = "2000",
    publisher = "US Imports \& PHIPEs ",
}

@book{Zeggeren:70,
    author    = "F. Van Zeggeren and S. H. Storey",
    title     = "The Computation of Chemical Equilibria",
    year      = "1970",
    publisher = "Cambridge University Press",
}

@Article{Allan:15,
  author =       "Allan M.M. Leal and others",
  title =        "A chemical kinetics algorithm for geochemical modelling",
  journal =      "Applied Geochemistry",
  volume =       "55",
  pages =        "46-61",
  year =         "2015",
} 

@book{Nordstrom:86,
    author    = "Nordstrom, D., Munoz, K.",
    title     = "Geochemical Thermodynamics",
    year      = "1986",
    publisher = "Prentice Hall",
    pages     = "477",
}


@Article{Nordstrom:79,
  author =       "Nordstrom, D. K. et al.",
  title =        "A comparison of computerized chemical models for equilibrium calculations in aqueous systems",
  journal =      "Americam Chemical Society",
  year =         "1979",
}

@book{Wright:07,
author="Margaret Robson Wrigh",
title="An Introduction to Aqueous Electrolyte Solutions",
year="2007",
publisher="John Wiley"
}

@Article{Smith:80,
  author =       "William R. Smith",
  title =        "The Computation of Chemical Equilibria in Complex Systems",
  journal =      "Americam Chemical Society",
  year =         "1980",
}

@book{Bethke,
    author    = "Craig M. Bethke",
    title     = "Geochemical and Biogeochemical Reaction Modeling",
    year      = "2008",
    publisher = "Cambridge University Press",
    pages     = "543",
}

@book{Isaacson:66,
    author= "Isaacson, E., Keller, H. B.",
    year= "1966",
    title= "Analysis of Numerical Methods",
    publisher="Wiley New York",
}


@book{delbert,
    author    = "Delbert D. Franz, Charles S. Melching",
    title     = "Full Equations (FEQ) Model for the Solution of the Full, Dynamic Equations of Motion for One-Dimensional Unsteady Flow in Open Channels and Through Control Structures",
    year      = "2008",
    publisher = "U.S. GEOLOGICAL SURVEY",
    pages     = "543"
}

@book{Alley:93,
    author= "Alley, Willian M.",
    year= "1993",
    pages     = "634",
    title= "Regional Ground-Water Quality",
    publisher="Wiley New York"
}

@Article{Allison:91,
  author =       "Allison, J. D., Brown, D. S. and Novo-Gradac, K. J",
  title =        "MINTEQA2/PRODEFA2, a geochemical assessment model for environmental systems: version 3.0",
  journal =      "Environmental Research Laboratory, Office of research and development, U.S. Environmental Protection Agency",
  year =         "1991"
}

@book{Bethke:96,
    author= "Bethke, C. M.",
    year= "1996",
    pages     = "397",
    title= "Geochemical Reaction Modeling, concepts and applications",
    publisher=" Oxford University Press"
}

@book{Bethke:08,
    author= "Bethke, C. M.",
    year= "2008",
    pages     = "574",
    title= "Geochemical and Biogeochemical Reaction Modeling",
    publisher=" Cambridge University Press"
}

@book{Burley:85,
    author= "Burley, S. D., Kantorowiscs, J. D. and Waugh, B.",
    year= "1985",
    pages     = "574",
    title= "Sedimentology: Recent developments and applied aspects",
    publisher="Geological Society Special Publication"
}

@book{Brown:87,
    author= "Brown, D. S. and Allison, J. D.",
    year= "1987",
    title= "MINTEQA1, an equilibrium metal speciation model: user's manual",
    publisher="Environmental Research Laboratory, Office of research and development, U.S. Environmental Protection Agency"
}

@book{Dale:04,
    author= "Dale, Nell B.",
    year= "2004",
    title= "Programming and problem solving with C++",
    publisher="Jones Bartlett Publishers"
}

@Article{Debraal:89,
  author =       "Debraal, J. D. and Kharaka, Y. K",
  title =        "SOLINPU: A computer Code to Create and Modify Input Files for the Geochemical Program SOLMINEQ.88",
  journal =      "U.S. Geological Survery Books and Open-File Reports",
  year =         "1989"
}

@book{Deutsch:97,
    author= "Deutsch, J. W.",
    year= "1997",
    title= "Groundwater Geochemistry: fundamentals and applications to contamination",
    publisher="CRC Press"
}

@book{Domenico:97,
    author= "Domenico, P. A. and Schwartz, F. W.",
    year= "1997",
    title= "Physical and Chemical Hydrogeology - Second Edition",
    publisher="John Wiley and Sons Inc."
}

@book{Drever:05,
    author= "Drever, J. I.",
    year= "2005",
    title= "Surface and Ground Water, Weathering, and Soils",
    publisher="Elsevier"
}

@book{Freeze:79,
    author= "Freeze, R. A. and Cherry, J. A.",
    year= "1979",
    title= "Groundwater",
    publisher="Prentice Hall"
}

@book{Garrels:65,
    author= "Garrels, R. M. AND Christ, C. M. ",
    year= "1965",
    title= "Solutions, Minerals, and Equilibria",
    publisher="Harpers' Geoscience Series"
}

@Article{Kharaka:73,
  author =       "Kharaka, Y. K. and Barnes, I",
  title =        "SOLMNEQ: Solution-Mineral Equilibrium Computations",
  journal =      "NTIS Tech Report",
  year =         "1973",
}

@Article{Kharaka:88,
  author =       "Kharaka, Y. K., and others",
  title =        "SOLMINEQ.88; a computer program for geochemical modeling of water-rock interactions: Water-Resources Investigations Report.",
  journal =      "U.S. Geological Survery Books and Open-File Reports",
  year =         "1988",
}




@book{Kehew:00,
    author= "Kehew, A.",
    title= "Applied Chemical Hidrogeology",
    publisher="Prentice Hall",
    year="2000",
    pages="368"
}

@online{minteq:unix,
  author = {MINTEQ},
  title = {},
  year = "1999",
  url = "http://eng.odu.edu/cee/resources/model/minteqa_unix.shtml",
  urldate = "2015-05-01"
}

@online{minteq:website,
  author = {MINTEQ},
  title = {},
  year = "2006",
  url = "http://www2.epa.gov/exposure-assessment-models/minteqa2",
  urldate = "2015-05-01"
}

@Article{Morad:90,
  author =       "Morad., S., Et Al",
  title =        "Albitization of detrital plagioclase in Triassic reservoir sandstones from the Snorre Field, Norwegian North Sea. J. Sediment",
  journal =      "U.S. Geological Survery Books and Open-File Reports",
  year =         "1990",
}

@Article{Palandri:04,
  author =       "Palandri, L. James, Kharaka, K. Yousif,",
  title =        "A compilation of rate parameters of water-mineral interaction kinetics for application to geochemical modeling",
  journal =      "U.S. Geological Survey",
  year =         "2004",
}

@Article{Parkhurst:95,
  author =       "Parkhurst, D. L.",
  title =        "User's guide to PHREEQC - A Computer program for speciation, reaction-path, advective-transport, and inverse geochemical calculations",
  journal =      "U.S. Geological Survey Water-Resources Investigations Report",
  year =         "1995",
}

@online{Qt:14,
  author = {Qt},
  title = {Qt Application Framework},
  year = "2014",
  url = "http://www.qt.io",
  urldate = "2015-009-05"
}

@online{NotPhree:11,
  author = {Apello, C.A.J.},
  title = {NotPHREEQC - Notepad++ with PHREEQC Plugin},
  year = "2011",
  url = "www.hydrochemistry.eu/ph3",
  urldate = "2015-09-05"
}

@online{pfw:11,
  author = {Vincent Post},
  title = {PHREEQC for Windows},
  year = "2011",
  url = "http://pfw.antipodes.nl/",
  urldate = "2015-09-05"
}


@Article{Sharif:07,
  author =       "Sharif, M. U. ET. AL. ",
  title =        "Inverse geochemical modeling of groundwater evolution with emphasis on arsenic in the Mississippi River Valey alluvial aquifer, Arkansas (USA)",
  journal =      "Journal of Hidrology",
  year =         "2007"
}


@book{Sarker:08,
    author= "Sarker, R. A., Newton, C. S.",
    year= "2008",
    title= "Optimization Modellig - A Practical Approach",
    publisher="CRC Press"
}

@online{Arma:14,
  author = {Sanderson, C. and Curtin, R. },
  title = {Armadillo C++ linear algebra library},
  year = "2014",
  url = "http://www.arma.sourceforge.net",
  urldate = "2015-10-01"
}

@book{Tucker:01,
    author= "Tucker, M. E.",
    year= "2001",
    title= "Sedimentary Petrology"
}

@online{SQLite,
  author = {Hipp, D. Richard },
  title = {SQLite},
  year = "2015",
  url = "https://www.sqlite.org",
  urldate = "2015-10-01"
}

@Article{Westall:76,
  author =       "Westall, J.C. and others",
  title =        "MINEQL, a computer program for the calculation of chemical equilibrium composition of aqueous systems",
  journal =      "American Chemical Society",
  year =         "1976"
}


@book{Stroustrup:97,
    author= "Stroustrup, Bjarne",
    year= "1997",
    title= "The C++ Programming Language (Third ed.)"
}

@Article{Wolery:1979,
  author =       "Wolery, T. J. ",
  title =        "Calculation of chemical equilibrium between aqueous solution and minerals: the EQ3/6 software package",
  journal =      "Lawrence Livermore National Laboratory, Livermore CA, U.S.A.",
  year =         "1979"
}

@Article{Wolery:1990,
  author =       "Wolery, T. J., and others",
  title =        "Current status of the EQ3/6 software package for geochemical modeling in Chemical Modeling of Aqueous System",
  journal =      "American Chemical Society - Symposium series, No 416",
  pages =  "104-116",
  year =         "1990"
}

@Article{Wolery:1992,
  author =       "Wolery, T. J.",
  title =        "EQ3/6, a software package for geochemical modeling of aqueous systems: package overview and installation guide (Version 7.0)",
  journal =      "American Chemical Society - Symposium series, No 416",
  year =         "1992"
}




@Article{Aagaard:90,
  author =       "Aagaard, P. ET AL",
  title =        "Diagenetic albitization of detrital K-feldspars in Jurassic, Lower Cretaceous and Tertiary elastic reservoir rocks from offshore Norway. If. Formation water chemistry and kinetic considerations",
  journal =      "Jour. Sed. Petrology",
  year =         "1990"
}

@Article{Helgeson:81,
  author =       "Helgeson, H. C., Kirkham, D. H., and Flowers, G. C",
  title =        "Theoretical prediction of the thermodynamic behavior of aqueous electrolytes at high pressures and temperatures: IV. Calculation of activity coefficients, osmotic coefficients, and apparent molal and standard and relative partial molal properties Science",
  journal =      "Am. Jour. Science",
  year =         "1981"
}

@Article{Helgeson:78,
  author =       "Helgeson, H. C., Delany, W. J., Nesbit, H. Wayne, and Bird, D. K.",
  journal =      "Am. Jour. Science",
  title =        "Summary and critique of the thermodynamic properties of rock-forming minerals",
  year =         "1978"
}

@Article{Helgeson:74a,
  author =       "Helgeson, H. C., and Kirkham, D. H.,",
  title =        "Theoretical prediction of the thermodynamic behavior of aqueous electrolytes at high pressures and temperatures: 1. Summary of the thermodynamic/electrostatic properties of the solvent",
  journal =      "Am. Jour. Science",
  year =         "1974"
}

@Article{Helgeson:74b,
  author =       "Helgeson, H. C., and Kirkham, D. H.,",
  title =        "Theoretical prediction of the thermodyanmic behavior of aqueous electrolytes at high pressures and temperatures: II. Deby-Hiickel parameters for activity coefficients and relative partial molal properties",
  journal =      "Am. Jour. Science",
  year =         "1974"
}

@Article{Helgeson:76,
  author =       "Helgeson, H. C.,  and Kirkham, D. H.,",
  title =        "Theoretical prediction of the thermodynamic behavior of aqueous electrolytes at high pressures and temperatures: III. Equations of state for aqueous species at inifinite dilution",
  journal =      "Am. Jour. Science",
  year =         "1976"
}

@Article{Egeberg:88,
  author =       "Egeberg, P. K., and Aagaard, P.",
  title =        "Formation water chemistry in relation to the stability ofdetrital and authigenic minerals in elastic reservoirs from offshore Norway of Oslo",
  journal =      "University of OSLO",
  year =         "1988"
}

@Article{Wigley:77,
  author =       "Wigley, T. M. L.",
  title =        "A computer program for determining the equilibrium speciation of aqueous solutions",
  journal =      "Technical Bulletin No. 20, Climatic Research Unit, Univ. East Anglia, U.K",
  year =         "1977"
}

@book{Gamma:94,
    author= "Gamma, Ericht., and others",
    year= "1994",
    title= "Design Patterns. Elements of Reusable Object-Oriented Software."
}

@Article{Waltter:77,
  author =       "Walter, T. E., and Helgeson, H. C.",
  title =        "Calculations of the thermodynamic properties of aqueous silica and the solubility of quartz and its polymorphs at high pressures and temperatures",
  journal =      "American Journal of Science",
  year =         "1977"
}

@Article{ajpark:14,
  author =       "Anthony Jung Park",
  title =        "Water-Rock Interaction and reactive-transport modeling using elemental mass-balance approach: I. The Methodology",
  journal =      "American Journal of Science",
  year =         "2014"
}

@Article{Felmy:84,
  author =       "Felmy, A. R. and others",
  title =        "MINTEQ: A computer program for calculating aquoues geochemical equilibria",
  journal =      "Environmental Research Laboratory, Office of research and development, U.S. Environmental Protection Agency",
  year =         "1983"
}

@Article{Hollander:87,
  author =       "Hollander, N. B.",
  title =  Snorre, in Spencer, A. M. et. al (eds)",
  journal =        "Geology of the Norwegian Oil and Gas Fields",
  publisher: "London, Graham and Trotman",
  year =         "1987",
  pages= "307-318"
}